<record xmlns="http://www.loc.gov/MARC21/slim" xmlns:xsi="http://www.w3.org/2001/XMLSchema-instance" xsi:schemaLocation="http://www.loc.gov/MARC21/slim http://www.loc.gov/standards/marcxml/schema/MARC21slim.xsd"><leader>01471nam a2200337   4500</leader><controlfield tag="001">6157565</controlfield><controlfield tag="003">NIC</controlfield><controlfield tag="006">m        d        </controlfield><controlfield tag="007">cr cn |||m|||a</controlfield><controlfield tag="008">150222s1962    sy      o     000 0 ara c</controlfield><datafield ind1=" " ind2=" " tag="040"><subfield code="a">NNU</subfield><subfield code="b">eng</subfield><subfield code="e">rda</subfield><subfield code="c">NNU</subfield></datafield><datafield ind1=" " ind2="4" tag="050"><subfield code="a">PJ7866.J3</subfield><subfield code="b">M3</subfield></datafield><datafield ind1="1" ind2=" " tag="100"><subfield code="6">880-01</subfield><subfield code="a">&#699;Ujayli&#772;, &#699;Abd al-Sala&#772;m,</subfield><subfield code="d">1917-2006.</subfield></datafield><datafield ind1="1" ind2="3" tag="245"><subfield code="6">880-02</subfield><subfield code="a">al-Maqa&#772;ma&#772;t,</subfield><subfield code="c">&#699;Abd al-Sala&#772;m al-&#699;Ujayli&#772;.</subfield></datafield><datafield ind1=" " ind2=" " tag="260"><subfield code="6">880-03</subfield><subfield code="a">[Dimashq?],</subfield><subfield code="c">[al-muqaddimah 1962]</subfield></datafield><datafield ind1=" " ind2=" " tag="300"><subfield code="6">880-04</subfield><subfield code="a">online resource (96 pages)</subfield></datafield><datafield ind1=" " ind2=" " tag="336"><subfield code="a">text</subfield><subfield code="2">rdacontent</subfield></datafield><datafield ind1=" " ind2=" " tag="337"><subfield code="a">computer</subfield><subfield code="2">rdamedia</subfield></datafield><datafield ind1=" " ind2=" " tag="338"><subfield code="a">online resource</subfield><subfield code="2">rdacarrier</subfield></datafield><datafield ind1=" " ind2=" " tag="500"><subfield code="a">Part of the Arabic Collections Online (ACO) project, contributed by Cornell University Libraries.</subfield></datafield><datafield ind1=" " ind2=" " tag="533"><subfield code="a">Electronic reproduction.</subfield><subfield code="b">New York, N.Y. :</subfield><subfield code="c">New York University,</subfield><subfield code="d">2015.</subfield><subfield code="5">NNU</subfield></datafield><datafield ind1="2" ind2=" " tag="710"><subfield code="a">Cornell University.</subfield><subfield code="b">Libraries.</subfield></datafield><datafield ind1="0" ind2=" " tag="730"><subfield code="a">Arabic Collections Online.</subfield></datafield><datafield ind1="0" ind2="8" tag="776"><subfield code="i">Print version:</subfield><subfield code="a">&#699;Ujayli&#772;, &#699;Abd al-Sala&#772;m, 1917-2006.</subfield><subfield code="t">al-Maqa&#772;ma&#772;t</subfield><subfield code="w">(NIC)6157565</subfield><subfield code="w">(DLC)ne 65000239 </subfield><subfield code="w">(OCoLC)30117239</subfield></datafield><datafield ind1="4" ind2="0" tag="856"><subfield code="u">http://hdl.handle.net/2333.1/08kprt8r</subfield></datafield><datafield ind1="1" ind2=" " tag="880"><subfield code="6">100-01/r</subfield><subfield code="a">&#1593;&#1580;&#1610;&#1604;&#1610;&#1548; &#1593;&#1576;&#1583; &#1575;&#1604;&#1587;&#1604;&#1575;&#1605;&#1548;,</subfield><subfield code="d">1917-</subfield></datafield><datafield ind1="1" ind2="2" tag="880"><subfield code="6">245-02/r</subfield><subfield code="a">&#1575;&#1604;&#1605;&#1602;&#1575;&#1605;&#1575;&#1578;&#1548;</subfield><subfield code="c">&#1593;&#1576;&#1583; &#1575;&#1604;&#1587;&#1604;&#1575;&#1605; &#1575;&#1604;&#1593;&#1580;&#1610;&#1604;&#1610;.</subfield></datafield><datafield ind1=" " ind2=" " tag="880"><subfield code="6">260-03/r</subfield><subfield code="a">[&#1583;&#1605;&#1588;&#1602;&#1567;&#1548;</subfield><subfield code="c">&#1575;&#1604;&#1605;&#1602;&#1583;&#1605;&#1577; 1962]</subfield></datafield><datafield ind1=" " ind2=" " tag="880"><subfield code="6">300-04/r</subfield><subfield code="a">96 &#1589;.</subfield><subfield code="c">20 &#1587;&#1605;.</subfield></datafield><datafield ind1=" " ind2=" " tag="959"><subfield code="a">NNU</subfield><subfield code="b">WEB</subfield><subfield code="c">GENI</subfield><subfield code="t">0</subfield><subfield code="m">Electronic access</subfield><subfield code="s">01</subfield></datafield><datafield ind1=" " ind2=" " tag="999"><subfield code="i">NIC_6157565</subfield><subfield code="o">(OCoLC)ocm30117239 </subfield><subfield code="s">cornell_aco000185</subfield></datafield></record>